@inbook{Handschuh1999,
  author="Handschuh, Helena
  and Heys, Howard M.",
  editor="Tavares, Stafford
  and Meijer, Henk",
  title="A Timing Attack on RC5",
  bookTitle="Selected Areas in Cryptography: 5th Annual International Workshop, SAC'98 Kingston, Ontario, Canada, August 17--18, 1998 Proceedings",
  year="1999",
  publisher="Springer Berlin Heidelberg",
  address="Berlin, Heidelberg",
  pages="306--318",
  isbn="978-3-540-48892-7",
  doi="10.1007/3-540-48892-8_24",
  url="http://dx.doi.org/10.1007/3-540-48892-8_24"
}

@techreport{Bernstein05cache-timingattacks,
    author = {Daniel J. Bernstein},
    title = {Cache-timing attacks on AES},
    institution = {The University of Illinois at Chicago},
    year = {2005}
}

@inproceedings{kocher96timing,
    author = {Paul C. Kocher},
    title = {Timing Attacks on Implementations of Diffie-Hellman, RSA, DSS, and Other Systems},
    booktitle = {Advances in Cryptology — CRYPTO ’96},
    year = {1996},
    pages = {104-113},
    publisher = {Springer-Verlag}
}

@techreport{daemen-implementattacks,
  author = {Joan Daemen, Vincent Rijmen},
  title = "Resistance against implementation attacks, a comparative study of the AES Proposals",
  year = {1999}
}

@inproceedings{Kopf2009-mh,
  title     = "A Provably Secure and Efficient Countermeasure against Timing
               Attacks",
  booktitle = "2009 22nd {IEEE} Computer Security Foundations Symposium",
  author    = "K{\"{o}}pf, B and D{\"{u}}rmuth, M",
  pages     = "324--335",
  month     =  "jul",
  year      =  2009,
}
